<marcxml:record xmlns:marcxml="http://www.loc.gov/MARC21/slim" xmlns:mets="http://www.loc.gov/METS/" xmlns:bf="http://id.loc.gov/ontologies/bibframe/" xmlns:bflc="http://id.loc.gov/ontologies/bflc/" xmlns:madsrdf="http://www.loc.gov/mads/rdf/v1#" xmlns:rdf="http://www.w3.org/1999/02/22-rdf-syntax-ns#" xmlns:ri="http://id.loc.gov/ontologies/RecordInfo#" xmlns:idx="info:lc/xq-modules/lcindex" xmlns:semtriples="http://marklogic.com/semantic" xmlns:xsi="http://www.w3.org/2001/XMLSchema-instance" xmlns:xlink="http://www.w3.org/1999/xlink" xmlns:streams="info:lc/streams#">
  <marcxml:leader>05663cam a2201285 i 4500</marcxml:leader>
  <marcxml:controlfield tag="001">20767207</marcxml:controlfield>
  <marcxml:controlfield tag="005">20190823102040.0</marcxml:controlfield>
  <marcxml:controlfield tag="008">181204s2006    caua     6    000 1 eng d</marcxml:controlfield>
  <marcxml:datafield tag="906" ind1=" " ind2=" ">
    <marcxml:subfield code="a">7</marcxml:subfield>
    <marcxml:subfield code="b">cbc</marcxml:subfield>
    <marcxml:subfield code="c">copycat</marcxml:subfield>
    <marcxml:subfield code="d">2</marcxml:subfield>
    <marcxml:subfield code="e">ncip</marcxml:subfield>
    <marcxml:subfield code="f">20</marcxml:subfield>
    <marcxml:subfield code="g">y-gencatlg</marcxml:subfield>
  </marcxml:datafield>
  <marcxml:datafield tag="925" ind1="0" ind2=" ">
    <marcxml:subfield code="a">acquire</marcxml:subfield>
    <marcxml:subfield code="b">1 shelf copy</marcxml:subfield>
    <marcxml:subfield code="x">policy default</marcxml:subfield>
  </marcxml:datafield>
  <marcxml:datafield tag="955" ind1=" " ind2=" ">
    <marcxml:subfield code="b">xk28 2018-12-04 z-processor</marcxml:subfield>
    <marcxml:subfield code="i">xk12 2019-07-09 v. 1-9, 11-20, 23-25 to BCCD</marcxml:subfield>
    <marcxml:subfield code="a">xk12 2019-07-24 v. 2 to BCCD</marcxml:subfield>
    <marcxml:subfield code="c">xk14 2019-08-23 v. 10, 22 to BCCD</marcxml:subfield>
  </marcxml:datafield>
  <marcxml:datafield tag="010" ind1=" " ind2=" ">
    <marcxml:subfield code="a">  2018297687</marcxml:subfield>
  </marcxml:datafield>
  <marcxml:datafield tag="015" ind1=" " ind2=" ">
    <marcxml:subfield code="a">GBA815789</marcxml:subfield>
    <marcxml:subfield code="2">bnb</marcxml:subfield>
  </marcxml:datafield>
  <marcxml:datafield tag="016" ind1="7" ind2=" ">
    <marcxml:subfield code="a">014514117</marcxml:subfield>
    <marcxml:subfield code="2">Uk</marcxml:subfield>
  </marcxml:datafield>
  <marcxml:datafield tag="020" ind1=" " ind2=" ">
    <marcxml:subfield code="a">9781435225459</marcxml:subfield>
    <marcxml:subfield code="q">(Paw Prints)</marcxml:subfield>
  </marcxml:datafield>
  <marcxml:datafield tag="020" ind1=" " ind2=" ">
    <marcxml:subfield code="a">1435225457</marcxml:subfield>
    <marcxml:subfield code="q">(Paw Prints)</marcxml:subfield>
  </marcxml:datafield>
  <marcxml:datafield tag="020" ind1=" " ind2=" ">
    <marcxml:subfield code="a">1421506238</marcxml:subfield>
    <marcxml:subfield code="q">(v. 1 ;</marcxml:subfield>
    <marcxml:subfield code="q">pbk.)</marcxml:subfield>
  </marcxml:datafield>
  <marcxml:datafield tag="020" ind1=" " ind2=" ">
    <marcxml:subfield code="a">9781421506234</marcxml:subfield>
    <marcxml:subfield code="q">(v. 1 ;</marcxml:subfield>
    <marcxml:subfield code="q">pbk.)</marcxml:subfield>
  </marcxml:datafield>
  <marcxml:datafield tag="020" ind1=" " ind2=" ">
    <marcxml:subfield code="a">1421506246</marcxml:subfield>
    <marcxml:subfield code="q">(v. 2 ;</marcxml:subfield>
    <marcxml:subfield code="q">pbk.)</marcxml:subfield>
  </marcxml:datafield>
  <marcxml:datafield tag="020" ind1=" " ind2=" ">
    <marcxml:subfield code="a">9781421506241</marcxml:subfield>
    <marcxml:subfield code="q">(v. 2 ;</marcxml:subfield>
    <marcxml:subfield code="q">pbk.)</marcxml:subfield>
  </marcxml:datafield>
  <marcxml:datafield tag="020" ind1=" " ind2=" ">
    <marcxml:subfield code="a">1421506254</marcxml:subfield>
    <marcxml:subfield code="q">(v. 3 ;</marcxml:subfield>
    <marcxml:subfield code="q">pbk.)</marcxml:subfield>
  </marcxml:datafield>
  <marcxml:datafield tag="020" ind1=" " ind2=" ">
    <marcxml:subfield code="a">9781421506258</marcxml:subfield>
    <marcxml:subfield code="q">(v. 3 ;</marcxml:subfield>
    <marcxml:subfield code="q">pbk.)</marcxml:subfield>
  </marcxml:datafield>
  <marcxml:datafield tag="020" ind1=" " ind2=" ">
    <marcxml:subfield code="a">1421510529</marcxml:subfield>
    <marcxml:subfield code="q">(v. 4 ;</marcxml:subfield>
    <marcxml:subfield code="q">pbk.)</marcxml:subfield>
  </marcxml:datafield>
  <marcxml:datafield tag="020" ind1=" " ind2=" ">
    <marcxml:subfield code="a">9781421510521</marcxml:subfield>
    <marcxml:subfield code="q">(v. 4 ;</marcxml:subfield>
    <marcxml:subfield code="q">pbk.)</marcxml:subfield>
  </marcxml:datafield>
  <marcxml:datafield tag="020" ind1=" " ind2=" ">
    <marcxml:subfield code="a">9781421510538</marcxml:subfield>
    <marcxml:subfield code="q">(v. 5 ;</marcxml:subfield>
    <marcxml:subfield code="q">pbk.)</marcxml:subfield>
  </marcxml:datafield>
  <marcxml:datafield tag="020" ind1=" " ind2=" ">
    <marcxml:subfield code="a">1421510537</marcxml:subfield>
    <marcxml:subfield code="q">(v. 5 ;</marcxml:subfield>
    <marcxml:subfield code="q">pbk.)</marcxml:subfield>
  </marcxml:datafield>
  <marcxml:datafield tag="020" ind1=" " ind2=" ">
    <marcxml:subfield code="a">9781421510545</marcxml:subfield>
    <marcxml:subfield code="q">(v. 6 ;</marcxml:subfield>
    <marcxml:subfield code="q">pbk.)</marcxml:subfield>
  </marcxml:datafield>
  <marcxml:datafield tag="020" ind1=" " ind2=" ">
    <marcxml:subfield code="a">1421510545</marcxml:subfield>
    <marcxml:subfield code="q">(v. 6 ;</marcxml:subfield>
    <marcxml:subfield code="q">pbk.)</marcxml:subfield>
  </marcxml:datafield>
  <marcxml:datafield tag="020" ind1=" " ind2=" ">
    <marcxml:subfield code="a">9781421510552</marcxml:subfield>
    <marcxml:subfield code="q">(v. 7 ;</marcxml:subfield>
    <marcxml:subfield code="q">pbk.)</marcxml:subfield>
  </marcxml:datafield>
  <marcxml:datafield tag="020" ind1=" " ind2=" ">
    <marcxml:subfield code="a">1421510553</marcxml:subfield>
    <marcxml:subfield code="q">(v. 7 ;</marcxml:subfield>
    <marcxml:subfield code="q">pbk.)</marcxml:subfield>
  </marcxml:datafield>
  <marcxml:datafield tag="020" ind1=" " ind2=" ">
    <marcxml:subfield code="a">9781421515434</marcxml:subfield>
    <marcxml:subfield code="q">(v. 8 ;</marcxml:subfield>
    <marcxml:subfield code="q">pbk.)</marcxml:subfield>
  </marcxml:datafield>
  <marcxml:datafield tag="020" ind1=" " ind2=" ">
    <marcxml:subfield code="a">1421515431</marcxml:subfield>
    <marcxml:subfield code="q">(v. 8 ;</marcxml:subfield>
    <marcxml:subfield code="q">pbk.)</marcxml:subfield>
  </marcxml:datafield>
  <marcxml:datafield tag="020" ind1=" " ind2=" ">
    <marcxml:subfield code="a">9781421516103</marcxml:subfield>
    <marcxml:subfield code="q">(v. 9 ;</marcxml:subfield>
    <marcxml:subfield code="q">pbk.)</marcxml:subfield>
  </marcxml:datafield>
  <marcxml:datafield tag="020" ind1=" " ind2=" ">
    <marcxml:subfield code="a">1421516101</marcxml:subfield>
    <marcxml:subfield code="q">(v. 9 ;</marcxml:subfield>
    <marcxml:subfield code="q">pbk.)</marcxml:subfield>
  </marcxml:datafield>
  <marcxml:datafield tag="020" ind1=" " ind2=" ">
    <marcxml:subfield code="a">9781421519371</marcxml:subfield>
    <marcxml:subfield code="q">(v. 10 ;</marcxml:subfield>
    <marcxml:subfield code="q">pbk.)</marcxml:subfield>
  </marcxml:datafield>
  <marcxml:datafield tag="020" ind1=" " ind2=" ">
    <marcxml:subfield code="a">1421519372</marcxml:subfield>
    <marcxml:subfield code="q">(v. 10 ;</marcxml:subfield>
    <marcxml:subfield code="q">pbk.)</marcxml:subfield>
  </marcxml:datafield>
  <marcxml:datafield tag="020" ind1=" " ind2=" ">
    <marcxml:subfield code="a">9781421519982</marcxml:subfield>
    <marcxml:subfield code="q">(v. 11 ;</marcxml:subfield>
    <marcxml:subfield code="q">pbk.)</marcxml:subfield>
  </marcxml:datafield>
  <marcxml:datafield tag="020" ind1=" " ind2=" ">
    <marcxml:subfield code="a">1421519984</marcxml:subfield>
    <marcxml:subfield code="q">(v. 11 ;</marcxml:subfield>
    <marcxml:subfield code="q">pbk.)</marcxml:subfield>
  </marcxml:datafield>
  <marcxml:datafield tag="020" ind1=" " ind2=" ">
    <marcxml:subfield code="a">9781421523897</marcxml:subfield>
    <marcxml:subfield code="q">(v. 12 ;</marcxml:subfield>
    <marcxml:subfield code="q">pbk.)</marcxml:subfield>
  </marcxml:datafield>
  <marcxml:datafield tag="020" ind1=" " ind2=" ">
    <marcxml:subfield code="a">1421523892</marcxml:subfield>
    <marcxml:subfield code="q">(v. 12 ;</marcxml:subfield>
    <marcxml:subfield code="q">pbk.)</marcxml:subfield>
  </marcxml:datafield>
  <marcxml:datafield tag="020" ind1=" " ind2=" ">
    <marcxml:subfield code="a">9781421525990</marcxml:subfield>
    <marcxml:subfield code="q">(v. 13 ;</marcxml:subfield>
    <marcxml:subfield code="q">pbk.)</marcxml:subfield>
  </marcxml:datafield>
  <marcxml:datafield tag="020" ind1=" " ind2=" ">
    <marcxml:subfield code="a">1421525992</marcxml:subfield>
    <marcxml:subfield code="q">(v. 13 ;</marcxml:subfield>
    <marcxml:subfield code="q">pbk.)</marcxml:subfield>
  </marcxml:datafield>
  <marcxml:datafield tag="020" ind1=" " ind2=" ">
    <marcxml:subfield code="a">9781421526003</marcxml:subfield>
    <marcxml:subfield code="q">(v. 14 ;</marcxml:subfield>
    <marcxml:subfield code="q">pbk.)</marcxml:subfield>
  </marcxml:datafield>
  <marcxml:datafield tag="020" ind1=" " ind2=" ">
    <marcxml:subfield code="a">142152600X</marcxml:subfield>
    <marcxml:subfield code="q">(v. 14 ;</marcxml:subfield>
    <marcxml:subfield code="q">pbk.)</marcxml:subfield>
  </marcxml:datafield>
  <marcxml:datafield tag="020" ind1=" " ind2=" ">
    <marcxml:subfield code="a">9781421527741</marcxml:subfield>
    <marcxml:subfield code="q">(v. 15 ;</marcxml:subfield>
    <marcxml:subfield code="q">pbk.)</marcxml:subfield>
  </marcxml:datafield>
  <marcxml:datafield tag="020" ind1=" " ind2=" ">
    <marcxml:subfield code="a">142152774X</marcxml:subfield>
    <marcxml:subfield code="q">(v. 15 ;</marcxml:subfield>
    <marcxml:subfield code="q">pbk.)</marcxml:subfield>
  </marcxml:datafield>
  <marcxml:datafield tag="020" ind1=" " ind2=" ">
    <marcxml:subfield code="a">9781421530383</marcxml:subfield>
    <marcxml:subfield code="q">(v. 16 ;</marcxml:subfield>
    <marcxml:subfield code="q">pbk.)</marcxml:subfield>
  </marcxml:datafield>
  <marcxml:datafield tag="020" ind1=" " ind2=" ">
    <marcxml:subfield code="a">1421530384</marcxml:subfield>
    <marcxml:subfield code="q">(v. 16 ;</marcxml:subfield>
    <marcxml:subfield code="q">pbk.)</marcxml:subfield>
  </marcxml:datafield>
  <marcxml:datafield tag="020" ind1=" " ind2=" ">
    <marcxml:subfield code="a">9781421531601</marcxml:subfield>
    <marcxml:subfield code="q">(v. 17 ;</marcxml:subfield>
    <marcxml:subfield code="q">pbk.)</marcxml:subfield>
  </marcxml:datafield>
  <marcxml:datafield tag="020" ind1=" " ind2=" ">
    <marcxml:subfield code="a">1421531607</marcxml:subfield>
    <marcxml:subfield code="q">(v. 17 ;</marcxml:subfield>
    <marcxml:subfield code="q">pbk.)</marcxml:subfield>
  </marcxml:datafield>
  <marcxml:datafield tag="020" ind1=" " ind2=" ">
    <marcxml:subfield code="a">9781421535432</marcxml:subfield>
    <marcxml:subfield code="q">(v. 18 ;</marcxml:subfield>
    <marcxml:subfield code="q">pbk.)</marcxml:subfield>
  </marcxml:datafield>
  <marcxml:datafield tag="020" ind1=" " ind2=" ">
    <marcxml:subfield code="a">1421535432</marcxml:subfield>
    <marcxml:subfield code="q">(v. 18 ;</marcxml:subfield>
    <marcxml:subfield code="q">pbk.)</marcxml:subfield>
  </marcxml:datafield>
  <marcxml:datafield tag="020" ind1=" " ind2=" ">
    <marcxml:subfield code="a">9781421537733</marcxml:subfield>
    <marcxml:subfield code="q">(v. 19 ;</marcxml:subfield>
    <marcxml:subfield code="q">pbk.)</marcxml:subfield>
  </marcxml:datafield>
  <marcxml:datafield tag="020" ind1=" " ind2=" ">
    <marcxml:subfield code="a">1421537737</marcxml:subfield>
    <marcxml:subfield code="q">(v. 19 ;</marcxml:subfield>
    <marcxml:subfield code="q">pbk.)</marcxml:subfield>
  </marcxml:datafield>
  <marcxml:datafield tag="020" ind1=" " ind2=" ">
    <marcxml:subfield code="a">9781421539195</marcxml:subfield>
    <marcxml:subfield code="q">(v. 20 ;</marcxml:subfield>
    <marcxml:subfield code="q">pbk.)</marcxml:subfield>
  </marcxml:datafield>
  <marcxml:datafield tag="020" ind1=" " ind2=" ">
    <marcxml:subfield code="a">1421539195</marcxml:subfield>
    <marcxml:subfield code="q">(v. 20 ;</marcxml:subfield>
    <marcxml:subfield code="q">pbk.)</marcxml:subfield>
  </marcxml:datafield>
  <marcxml:datafield tag="020" ind1=" " ind2=" ">
    <marcxml:subfield code="a">9781421540771</marcxml:subfield>
    <marcxml:subfield code="q">(v. 21 ;</marcxml:subfield>
    <marcxml:subfield code="q">pbk.)</marcxml:subfield>
  </marcxml:datafield>
  <marcxml:datafield tag="020" ind1=" " ind2=" ">
    <marcxml:subfield code="a">1421540770</marcxml:subfield>
    <marcxml:subfield code="q">(v. 21 ;</marcxml:subfield>
    <marcxml:subfield code="q">pbk.)</marcxml:subfield>
  </marcxml:datafield>
  <marcxml:datafield tag="020" ind1=" " ind2=" ">
    <marcxml:subfield code="a">9781421542102</marcxml:subfield>
    <marcxml:subfield code="q">(v. 22 ;</marcxml:subfield>
    <marcxml:subfield code="q">pbk.)</marcxml:subfield>
  </marcxml:datafield>
  <marcxml:datafield tag="020" ind1=" " ind2=" ">
    <marcxml:subfield code="a">1421542102</marcxml:subfield>
    <marcxml:subfield code="q">(v. 22 ;</marcxml:subfield>
    <marcxml:subfield code="q">pbk.)</marcxml:subfield>
  </marcxml:datafield>
  <marcxml:datafield tag="020" ind1=" " ind2=" ">
    <marcxml:subfield code="a">9781421550855</marcxml:subfield>
    <marcxml:subfield code="q">(v. 23 ;</marcxml:subfield>
    <marcxml:subfield code="q">pbk.)</marcxml:subfield>
  </marcxml:datafield>
  <marcxml:datafield tag="020" ind1=" " ind2=" ">
    <marcxml:subfield code="a">1421550857</marcxml:subfield>
    <marcxml:subfield code="q">(v. 23 ;</marcxml:subfield>
    <marcxml:subfield code="q">pbk.)</marcxml:subfield>
  </marcxml:datafield>
  <marcxml:datafield tag="020" ind1=" " ind2=" ">
    <marcxml:subfield code="a">9781421563121</marcxml:subfield>
    <marcxml:subfield code="q">(v. 24 ;</marcxml:subfield>
    <marcxml:subfield code="q">pbk.)</marcxml:subfield>
  </marcxml:datafield>
  <marcxml:datafield tag="020" ind1=" " ind2=" ">
    <marcxml:subfield code="a">1421563126</marcxml:subfield>
    <marcxml:subfield code="q">(v. 24 ;</marcxml:subfield>
    <marcxml:subfield code="q">pbk.)</marcxml:subfield>
  </marcxml:datafield>
  <marcxml:datafield tag="020" ind1=" " ind2=" ">
    <marcxml:subfield code="a">9781421592701</marcxml:subfield>
    <marcxml:subfield code="q">(v. 25 ;</marcxml:subfield>
    <marcxml:subfield code="q">pbk.)</marcxml:subfield>
  </marcxml:datafield>
  <marcxml:datafield tag="020" ind1=" " ind2=" ">
    <marcxml:subfield code="a">1421592703</marcxml:subfield>
    <marcxml:subfield code="q">(v. 25 ;</marcxml:subfield>
    <marcxml:subfield code="q">pbk.)</marcxml:subfield>
  </marcxml:datafield>
  <marcxml:datafield tag="035" ind1=" " ind2=" ">
    <marcxml:subfield code="a">(OCoLC)ocn774833271</marcxml:subfield>
  </marcxml:datafield>
  <marcxml:datafield tag="037" ind1=" " ind2=" ">
    <marcxml:subfield code="b">Viz, C/O Simon &amp; Schuster 100 Front st, Riverside, NJ, USA, 08075-7500</marcxml:subfield>
    <marcxml:subfield code="n">SAN 200-2442</marcxml:subfield>
  </marcxml:datafield>
  <marcxml:datafield tag="040" ind1=" " ind2=" ">
    <marcxml:subfield code="a">CLB</marcxml:subfield>
    <marcxml:subfield code="b">eng</marcxml:subfield>
    <marcxml:subfield code="c">MZA</marcxml:subfield>
    <marcxml:subfield code="d">BDX</marcxml:subfield>
    <marcxml:subfield code="d">OCLCF</marcxml:subfield>
    <marcxml:subfield code="d">KAA</marcxml:subfield>
    <marcxml:subfield code="e">rda</marcxml:subfield>
    <marcxml:subfield code="d">IHX</marcxml:subfield>
    <marcxml:subfield code="d">OCLCO</marcxml:subfield>
    <marcxml:subfield code="d">OCL</marcxml:subfield>
    <marcxml:subfield code="d">OCLCO</marcxml:subfield>
    <marcxml:subfield code="d">OCLCQ</marcxml:subfield>
    <marcxml:subfield code="d">OCLCO</marcxml:subfield>
    <marcxml:subfield code="d">OCLCQ</marcxml:subfield>
    <marcxml:subfield code="d">SHM</marcxml:subfield>
    <marcxml:subfield code="d">IGA</marcxml:subfield>
    <marcxml:subfield code="d">CHY</marcxml:subfield>
    <marcxml:subfield code="d">QQ3</marcxml:subfield>
    <marcxml:subfield code="d">HLS</marcxml:subfield>
    <marcxml:subfield code="d">UKMGB</marcxml:subfield>
    <marcxml:subfield code="d">DLC</marcxml:subfield>
  </marcxml:datafield>
  <marcxml:datafield tag="041" ind1="1" ind2=" ">
    <marcxml:subfield code="a">eng</marcxml:subfield>
    <marcxml:subfield code="h">jpn</marcxml:subfield>
  </marcxml:datafield>
  <marcxml:datafield tag="042" ind1=" " ind2=" ">
    <marcxml:subfield code="a">lccopycat</marcxml:subfield>
  </marcxml:datafield>
  <marcxml:datafield tag="043" ind1=" " ind2=" ">
    <marcxml:subfield code="a">a-ja---</marcxml:subfield>
  </marcxml:datafield>
  <marcxml:datafield tag="050" ind1="0" ind2="0">
    <marcxml:subfield code="a">PN6790.J33</marcxml:subfield>
    <marcxml:subfield code="b">H6613 2006</marcxml:subfield>
  </marcxml:datafield>
  <marcxml:datafield tag="082" ind1="0" ind2="4">
    <marcxml:subfield code="a">741.5/952</marcxml:subfield>
    <marcxml:subfield code="2">22</marcxml:subfield>
  </marcxml:datafield>
  <marcxml:datafield tag="100" ind1="1" ind2=" ">
    <marcxml:subfield code="a">Hoshino, Katsura,</marcxml:subfield>
    <marcxml:subfield code="e">author,</marcxml:subfield>
    <marcxml:subfield code="e">artist.</marcxml:subfield>
  </marcxml:datafield>
  <marcxml:datafield tag="240" ind1="1" ind2="0">
    <marcxml:subfield code="a">D. Gray-Man.</marcxml:subfield>
    <marcxml:subfield code="l">English</marcxml:subfield>
  </marcxml:datafield>
  <marcxml:datafield tag="245" ind1="1" ind2="0">
    <marcxml:subfield code="a">D. Gray-Man /</marcxml:subfield>
    <marcxml:subfield code="c">story &amp; art by Katsura Hoshino ; English adaptation, Lance Caselman ; translation, Toshifumi Yoshida ; touch-up art &amp; lettering, Elizabeth Watasin.</marcxml:subfield>
  </marcxml:datafield>
  <marcxml:datafield tag="250" ind1=" " ind2=" ">
    <marcxml:subfield code="a">Shonen Jump Advanced Manga Edition.</marcxml:subfield>
  </marcxml:datafield>
  <marcxml:datafield tag="264" ind1=" " ind2="1">
    <marcxml:subfield code="a">San Francisco, CA :</marcxml:subfield>
    <marcxml:subfield code="b">Viz Media, LLC</marcxml:subfield>
    <marcxml:subfield code="c">[2006-2017]</marcxml:subfield>
  </marcxml:datafield>
  <marcxml:datafield tag="300" ind1=" " ind2=" ">
    <marcxml:subfield code="a">25 volumes :</marcxml:subfield>
    <marcxml:subfield code="b">illustrations ;</marcxml:subfield>
    <marcxml:subfield code="c">20 cm.</marcxml:subfield>
  </marcxml:datafield>
  <marcxml:datafield tag="336" ind1=" " ind2=" ">
    <marcxml:subfield code="a">text</marcxml:subfield>
    <marcxml:subfield code="b">txt</marcxml:subfield>
    <marcxml:subfield code="2">rdacontent</marcxml:subfield>
  </marcxml:datafield>
  <marcxml:datafield tag="337" ind1=" " ind2=" ">
    <marcxml:subfield code="a">unmediated</marcxml:subfield>
    <marcxml:subfield code="b">n</marcxml:subfield>
    <marcxml:subfield code="2">rdamedia</marcxml:subfield>
  </marcxml:datafield>
  <marcxml:datafield tag="338" ind1=" " ind2=" ">
    <marcxml:subfield code="a">volume</marcxml:subfield>
    <marcxml:subfield code="b">nc</marcxml:subfield>
    <marcxml:subfield code="2">rdacarrier</marcxml:subfield>
  </marcxml:datafield>
  <marcxml:datafield tag="490" ind1="1" ind2=" ">
    <marcxml:subfield code="a">Shonen jump advanced</marcxml:subfield>
  </marcxml:datafield>
  <marcxml:datafield tag="546" ind1=" " ind2=" ">
    <marcxml:subfield code="a">Translated from the Japanese.</marcxml:subfield>
  </marcxml:datafield>
  <marcxml:datafield tag="500" ind1=" " ind2=" ">
    <marcxml:subfield code="a">Read Manga style.</marcxml:subfield>
  </marcxml:datafield>
  <marcxml:datafield tag="500" ind1=" " ind2=" ">
    <marcxml:subfield code="a">"First published in Japan in 2004 by Shueisha, Inc. Tokyo"--Title page verso.</marcxml:subfield>
  </marcxml:datafield>
  <marcxml:datafield tag="520" ind1=" " ind2=" ">
    <marcxml:subfield code="a">"Set in a fictional 19th century England, it is the story of Allen Walker, a 15-year old boy who roams the earth in search of Innocence. Washed away to unknown parts of the world after The Great Flood, Innocence is the mysterious substance used to create weapons that obliterate demons known as Akuma"--Page [4] of cover.</marcxml:subfield>
  </marcxml:datafield>
  <marcxml:datafield tag="521" ind1="8" ind2=" ">
    <marcxml:subfield code="a">Rated T+ for older teen.</marcxml:subfield>
  </marcxml:datafield>
  <marcxml:datafield tag="505" ind1="0" ind2=" ">
    <marcxml:subfield code="a">Vol. 1. Opening -- vol. 2. The aria of the land and the clear skies -- vol. 3. The rewinding city -- vol. 4. Carnival -- vol. 5. Announcement -- vol. 6. Delete -- vol. 7. Crossroad -- vol. 8. Crimson snow -- vol. 9. Nightmare in paradise -- vol. 10. Noah's memory.</marcxml:subfield>
  </marcxml:datafield>
  <marcxml:datafield tag="588" ind1=" " ind2=" ">
    <marcxml:subfield code="a">Description based on v. 3.</marcxml:subfield>
  </marcxml:datafield>
  <marcxml:datafield tag="655" ind1=" " ind2="0">
    <marcxml:subfield code="a">Graphic novels.</marcxml:subfield>
  </marcxml:datafield>
  <marcxml:datafield tag="655" ind1=" " ind2="4">
    <marcxml:subfield code="a">Graphic novels.</marcxml:subfield>
  </marcxml:datafield>
  <marcxml:datafield tag="655" ind1=" " ind2="4">
    <marcxml:subfield code="a">Historical comic books, strips, etc.</marcxml:subfield>
  </marcxml:datafield>
  <marcxml:datafield tag="655" ind1=" " ind2="4">
    <marcxml:subfield code="a">Manga.</marcxml:subfield>
  </marcxml:datafield>
  <marcxml:datafield tag="650" ind1=" " ind2="7">
    <marcxml:subfield code="a">COMICS &amp; GRAPHIC NOVELS / Manga / Fantasy.</marcxml:subfield>
    <marcxml:subfield code="2">bisacsh</marcxml:subfield>
  </marcxml:datafield>
  <marcxml:datafield tag="650" ind1=" " ind2="7">
    <marcxml:subfield code="a">COMICS &amp; GRAPHIC NOVELS / Manga / Media Tie-In.</marcxml:subfield>
    <marcxml:subfield code="2">bisacsh</marcxml:subfield>
  </marcxml:datafield>
  <marcxml:datafield tag="650" ind1=" " ind2="7">
    <marcxml:subfield code="a">Exorcism.</marcxml:subfield>
    <marcxml:subfield code="2">fast</marcxml:subfield>
    <marcxml:subfield code="0">(OCoLC)fst00918244</marcxml:subfield>
  </marcxml:datafield>
  <marcxml:datafield tag="650" ind1=" " ind2="7">
    <marcxml:subfield code="a">Graphic novels.</marcxml:subfield>
    <marcxml:subfield code="2">fast</marcxml:subfield>
    <marcxml:subfield code="0">(OCoLC)fst00946656</marcxml:subfield>
  </marcxml:datafield>
  <marcxml:datafield tag="650" ind1=" " ind2="7">
    <marcxml:subfield code="a">Teenagers.</marcxml:subfield>
    <marcxml:subfield code="2">fast</marcxml:subfield>
    <marcxml:subfield code="0">(OCoLC)fst01145551</marcxml:subfield>
  </marcxml:datafield>
  <marcxml:datafield tag="651" ind1=" " ind2="7">
    <marcxml:subfield code="a">Japan.</marcxml:subfield>
    <marcxml:subfield code="2">fast</marcxml:subfield>
    <marcxml:subfield code="0">(OCoLC)fst01204082</marcxml:subfield>
  </marcxml:datafield>
  <marcxml:datafield tag="655" ind1=" " ind2="7">
    <marcxml:subfield code="a">Graphic novels.</marcxml:subfield>
    <marcxml:subfield code="2">fast</marcxml:subfield>
    <marcxml:subfield code="0">(OCoLC)fst01726630</marcxml:subfield>
  </marcxml:datafield>
  <marcxml:datafield tag="655" ind1=" " ind2="7">
    <marcxml:subfield code="a">Comic books, strips, etc.</marcxml:subfield>
    <marcxml:subfield code="2">fast</marcxml:subfield>
    <marcxml:subfield code="0">(OCoLC)fst01423722</marcxml:subfield>
  </marcxml:datafield>
  <marcxml:datafield tag="655" ind1=" " ind2="7">
    <marcxml:subfield code="a">Translations.</marcxml:subfield>
    <marcxml:subfield code="2">fast</marcxml:subfield>
    <marcxml:subfield code="0">(OCoLC)fst01423791</marcxml:subfield>
  </marcxml:datafield>
  <marcxml:datafield tag="655" ind1=" " ind2="7">
    <marcxml:subfield code="a">Graphic novels.</marcxml:subfield>
    <marcxml:subfield code="2">lcgft</marcxml:subfield>
  </marcxml:datafield>
  <marcxml:datafield tag="700" ind1="1" ind2=" ">
    <marcxml:subfield code="a">Kobayashi, Mayumi,</marcxml:subfield>
    <marcxml:subfield code="e">translator,</marcxml:subfield>
    <marcxml:subfield code="e">adapator.</marcxml:subfield>
  </marcxml:datafield>
  <marcxml:datafield tag="700" ind1="1" ind2=" ">
    <marcxml:subfield code="a">Caselman, Lance,</marcxml:subfield>
    <marcxml:subfield code="e">adapter.</marcxml:subfield>
  </marcxml:datafield>
  <marcxml:datafield tag="700" ind1="1" ind2=" ">
    <marcxml:subfield code="a">Yoshida, Toshifumi,</marcxml:subfield>
    <marcxml:subfield code="e">translator.</marcxml:subfield>
  </marcxml:datafield>
  <marcxml:datafield tag="700" ind1="1" ind2=" ">
    <marcxml:subfield code="a">Watasin, Elizabeth,</marcxml:subfield>
    <marcxml:subfield code="e">letterer.</marcxml:subfield>
  </marcxml:datafield>
  <marcxml:datafield tag="830" ind1=" " ind2="0">
    <marcxml:subfield code="a">Shonen Jump advanced.</marcxml:subfield>
  </marcxml:datafield>
</marcxml:record>
